% References

@article{jordan2015emergence,
  title={Emergence of polycentric climate governance and its future prospects},
  author={Jordan, Andrew J and Huitema, Dave and Hild{\'e}n, Mikael and Van Asselt, Harro and Rayner, Tim J and Schoenefeld, Jonas J and Tosun, Jale and Forster, Johanna and Boasson, Elin L},
  journal={Nature Climate Change},
  volume={5},
  number={11},
  pages={977--982},
  year={2015},
  publisher={Nature Publishing Group}
}

@article{sovacool2013adaptation,
  title={Adaptation: The complexity of climate justice},
  author={Sovacool, Benjamin K},
  journal={Nature Climate Change},
  volume={3},
  number={11},
  pages={959--960},
  year={2013},
  publisher={Nature Publishing Group}
}

@article{cole2015advantages,
  title={Advantages of a polycentric approach to climate change policy},
  author={Cole, Daniel H},
  journal={Nature Climate Change},
  volume={5},
  number={2},
  pages={114--118},
  year={2015},
  publisher={Nature Publishing Group}
}

@article{wiener2007think,
  title={Think globally, act globally: The limits of local climate policies},
  author={Wiener, Jonathan B},
  journal={University of Pennsylvania Law Review},
  volume={155},
  number={6},
  pages={1961--1979},
  year={2007},
  publisher={JSTOR}
}

@article{hardin1968tragedy,
  title={{The Tragedy of the Commons}},
  author={Hardin, Garrett},
  journal={Science},
  volume={162},
  number={3859},
  pages={1243--1248},
  year={1968},
  publisher={American Association for the Advancement of Science}
}


@article{sovacool2009scaling,
  title={Scaling the policy response to climate change},
  author={Sovacool, Benjamin K and Brown, Marilyn A},
  journal={Policy and Society},
  volume={27},
  number={4},
  pages={317--328},
  year={2009},
  publisher={Taylor \& Francis}
}

@article{stern2008economics,
  title={The economics of climate change},
  author={Stern, Nicholas},
  journal={American Economic Review},
  volume={98},
  number={2},
  pages={1--37},
  year={2008}
}

@article{keohane2011regime,
  title={The regime complex for climate change},
  author={Keohane, Robert O and Victor, David G},
  journal={Perspectives on Politics},
  volume={9},
  number={1},
  pages={7--23},
  year={2011},
  publisher={Cambridge University Press}
}

@article{green2014balance,
  title={A balance of bottom-up and top-down in linking climate policies},
  author={Green, Jessica F and Sterner, Thomas and Wagner, Gernot},
  journal={Nature Climate Change},
  volume={4},
  number={12},
  pages={1064--1067},
  year={2014},
  publisher={Nature Publishing Group}
}

@article{ostrom2012nested,
  title={Nested externalities and polycentric institutions: must we wait for global solutions to climate change before taking actions at other scales?},
  author={Ostrom, Elinor},
  journal={Economic Theory},
  volume={49},
  number={2},
  pages={353--369},
  year={2012},
  publisher={Springer}
}

@article{ostrom2014polycentric,
  title={A Polycentric Approach for Coping with Climate Change},
  author={Ostrom, Elinor},
  journal={Annals of Economics \& Finance},
  volume={15},
  number={1},
  year={2014},
  pages={97--134}
}

@book{aligica2014institutional,
  title={Institutional diversity and political economy: The Ostroms and beyond},
  author={Aligica, Paul Dragos},
  year={2014},
  publisher={Oxford University Press}
}

@article{riedlinger2001contributions,
  title={Contributions of traditional knowledge to understanding climate change in the Canadian Arctic},
  author={Riedlinger, Dyanna and Berkes, Fikret},
  journal={Polar record},
  volume={37},
  number={203},
  pages={315--328},
  year={2001},
  publisher={Cambridge University Press}
}

@book{hoffmann2011climate,
  title={Climate governance at the crossroads: experimenting with a global response after Kyoto},
  author={Hoffmann, Matthew J},
  year={2011},
  publisher={Oxford University Press}
}

@article{lewandowsky2013pivotal,
  title={The pivotal role of perceived scientific consensus in acceptance of science},
  author={Lewandowsky, Stephan and Gignac, Gilles E and Vaughan, Samuel},
  journal={Nature Climate Change},
  volume={3},
  number={4},
  pages={399},
  year={2013},
  publisher={Nature Publishing Group}
}

@article{hornsey2016meta,
  title={Meta-analyses of the determinants and outcomes of belief in climate change},
  author={Hornsey, Matthew J and Harris, Emily A and Bain, Paul G and Fielding, Kelly S},
  journal={Nature Climate Change},
  volume={6},
  number={6},
  pages={622},
  year={2016},
  publisher={Nature Publishing Group}
}

@misc{stanfordearth2018,
 author = {De Witte, Melissa},
 editor = {{Stanford Earth}},
 title = {Public support for climate policy remains strong},
 url = {https://earth.stanford.edu/news/public-support-climate-policy-remains-strong},
 year = {2018},
}

@misc{pew2018climate,
 author = {Wike, Richard},
 editor = {{Pew Research Center}},
 title = {What the world thinks about climate change in 7 charts},
 url = {http://www.pewresearch.org/fact-tank/2016/04/18/what-the-world-thinks-about-climate-change-in-7-charts/},
 year = {2018},
}

@misc{europe2018survey,
 author = {{European Commission}},
 editor = {{European Commission}},
 title = {Citizen support for climate action},
 url = {https://ec.europa.eu/clima/citizens/support_en},
 year = {2018},
}

@misc{nature2018emissions,
 author = {Jeff Tollefson},
 editor = {{Nature News}},
 title = {Global industrial carbon emissions to reach all-time high in 2018},
 url = {https://www.nature.com/articles/d41586-018-07666-6},
 year = {2018},
} 

@article{dasgupta2008discounting,
  title={{Discounting Climate Change}},
  author={Dasgupta, Partha},
  journal={Journal of Risk and Uncertainty},
  volume={37},
  number={2-3},
  pages={141--169},
  year={2008},
  publisher={Springer}
}

@article{nordhaus1997discounting,
  title={{Discounting in Economics and Climate Change: An Editorial Comment}},
  author={Nordhaus, William D},
  journal={Climatic Change},
  volume={37},
  number={2},
  pages={315--328},
  year={1997},
  publisher={Springer}
}

@article{nordhaus2015climate,
  title={{Climate Clubs: Overcoming Free-Riding in International Climate Policy}},
  author={Nordhaus, William},
  journal={American Economic Review},
  volume={105},
  number={4},
  pages={1339--70},
  year={2015}
}

@article{heitzig2011self,
  title={{Self-Enforcing Strategies to Deter Free-Riding in the Climate Change Mitigation Game and Other Repeated Public Good Games}},
  author={Heitzig, Jobst and Lessmann, Kai and Zou, Yong},
  journal={Proceedings of the National Academy of Sciences},
  volume={108},
  number={38},
  pages={15739--15744},
  year={2011},
  publisher={National Acad Sciences}
}

@article{barrett2003increasing,
  title={{Increasing Participation and Compliance in International Climate Change Agreements}},
  author={Barrett, Scott and Stavins, Robert},
  journal={International Environmental Agreements},
  volume={3},
  number={4},
  pages={349--376},
  year={2003},
  publisher={Springer}
}

@article{carlisle2017polycentric,
  title={Polycentric systems of governance: a theoretical model for the commons},
  author={Carlisle, Keith and Gruby, Rebecca L},
  journal={Policy Studies Journal},
  year={2017},
  publisher={Wiley Online Library}
}

@article{hjerpe2015views,
  title={Views on alternative forums for effectively tackling climate change},
  author={Hjerpe, Mattias and Nasiritousi, Naghmeh},
  journal={Nature Climate Change},
  volume={5},
  number={9},
  pages={864},
  year={2015},
  publisher={Nature Publishing Group}
}

@article{rayner2010eat,
  title={How to eat an elephant: a bottom-up approach to climate policy},
  author={Rayner, Steve},
  journal={Climate Policy},
  volume={10},
  number={6},
  pages={615--621},
  year={2010},
  publisher={Taylor \& Francis}
}

@article{de2014global,
  title={Global experimentalist governance},
  author={De B{\'u}rca, Gr{\'a}inne and Keohane, Robert O and Sabel, Charles},
  journal={British Journal of Political Science},
  volume={44},
  number={3},
  pages={477--486},
  year={2014},
  publisher={Cambridge University Press}
}

@article{de2012new,
  title={New modes of pluralist global governance},
  author={De Burca, Grainne and Keohane, Robert O and Sabel, Charles},
  journal={N.Y.U International Journal of Law and Politics},
  volume={45},
  pages={723},
  year={2012},
  publisher={HeinOnline}
}

@article{hainmueller2014causal,
  title={Causal inference in conjoint analysis: Understanding multidimensional choices via stated preference experiments},
  author={Hainmueller, Jens and Hopkins, Daniel J and Yamamoto, Teppei},
  journal={Political Analysis},
  volume={22},
  number={1},
  pages={1--30},
  year={2014},
  publisher={Cambridge University Press}
}

@article{bansak2016economic,
  title={How economic, humanitarian, and religious concerns shape European attitudes toward asylum seekers},
  author={Bansak, Kirk and Hainmueller, Jens and Hangartner, Dominik},
  journal={Science},
  volume={354},
  number={6309},
  pages={217--222},
  year={2016},
  publisher={American Association for the Advancement of Science}
}


@book{ostrom1990governing,
  title={Governing the Commons},
  author={Ostrom, Elinor},
  year={1990},
  publisher={Cambridge University Press}
}

@article{aligica2013co,
  title={Co-production, polycentricity, and value heterogeneity: the Ostroms' public choice institutionalism revisited},
  author={Aligica, Paul Dragos and Tarko, Vlad},
  journal={American Political Science Review},
  volume={107},
  number={4},
  pages={726--741},
  year={2013},
  publisher={Cambridge University Press}
}

@article{yang2018post,
  title={{Post-drought decline of the Amazon carbon sink}},
  author={Yang, Yan and Saatchi, Sassan S and Xu, Liang and Yu, Yifan and Choi, Sungho and Phillips, Nathan and Kennedy, Robert and Keller, Michael and Knyazikhin, Yuri and Myneni, Ranga B},
  journal={Nature Communications},
  volume={9},
  number={1},
  pages={3172},
  year={2018},
  publisher={Nature Publishing Group}
}

@article{jones2003potential,
  title={{The potential impacts of climate change on maize production in Africa and Latin America in 2055}},
  author={Jones, Peter G and Thornton, Philip K},
  journal={Global Environmental Change},
  volume={13},
  number={1},
  pages={51--59},
  year={2003},
  publisher={Elsevier}
}

@book{helmke2006informal,
  title={Informal institutions and democracy: Lessons from Latin America},
  author={Helmke, Gretchen and Levitsky, Steven},
  year={2006},
  publisher={JHU Press}
}

@article{bechtel2013mass,
  title={Mass support for global climate agreements depends on institutional design},
  author={Bechtel, Michael M and Scheve, Kenneth F},
  journal={Proceedings of the National Academy of Sciences},
  volume={110},
  number={34},
  pages={13763--13768},
  year={2013},
  publisher={National Acad Sciences}
}

@book{turnheim2018innovating,
  title={Innovating climate governance: moving beyond experiments},
  author={Turnheim, Bruno and Kivimaa, Paula and Berkhout, Frans},
  year={2018},
  publisher={Cambridge University Press}
}

@book{berkhout2003negotiating,
  title={Negotiating environmental change: new perspectives from social science},
  author={Berkhout, Frans},
  year={2003},
  publisher={Edward Elgar Publishing}
}

@article{saiegh2015using,
  title={Using joint scaling methods to study ideology and representation: Evidence from Latin America},
  author={Saiegh, Sebasti{\'a}n M},
  journal={Political Analysis},
  volume={23},
  number={3},
  pages={363--384},
  year={2015},
  publisher={Cambridge University Press}
}

@article{ellner2019pinktide,
author = {Steve Ellner},
title ={Pink-Tide Governments: Pragmatic and Populist Responses to Challenges from the Right},
journal = {Latin American Perspectives},
volume = {46},
number = {1},
pages = {4-22},
year = {2019}
}

@article{weisbach2009climate,
  title={Climate Change and Discounting the Future: A Guide for the Perplexed},
  author={Weisbach, David and Sunstein, Cass R},
  journal={Yale Law \& Policy Review},
  volume={27},
  number={2},
  pages={433--457},
  year={2009},
  publisher={JSTOR}
}

