%%% References

@article{bansak2017europeans,
  title={{Europeans Support a Proportional Allocation of Asylum Seekers}},
  author={Bansak, Kirk and Hainmueller, Jens and Hangartner, Dominik},
  journal={Nature Human Behaviour},
  volume={1},
  number={7},
  pages={0133},
  year={2017},
  publisher={Nature Publishing Group}
}

@article{friman2015agreement,
  title={{Agreement, Significance, and Understandings of Historical Responsibility in Climate Change Negotiations}},
  author={Friman, Mathias and Hjerpe, Mattias},
  journal={Climate Policy},
  volume={15},
  number={3},
  pages={302--320},
  year={2015},
  publisher={Taylor \& Francis}
}

@inproceedings{andonova2007transnational,
  title={Transnational climate change governance},
  author={Andonova, Liliana and Betsill, Michele and Bulkeley, Harriet},
  booktitle={Amsterdam Conference on the Human Dimensions of Global Environmental Change},
  pages={24--26},
  year={2007},
  organization={Citeseer}
}

@article{bohmelt2014civil,
  title={Civil society participation in global governance: Insights from climate politics},
  author={B{\"o}hmelt, Tobias and Koubi, Vally and Bernauer, Thomas},
  journal={European Journal of Political Research},
  volume={53},
  number={1},
  pages={18--36},
  year={2014},
  publisher={Wiley Online Library}
}

@article{hovi2019club,
  title={{The Club Approach: A Gateway to Effective Climate Co-operation?}},
  author={Hovi, Jon and Sprinz, Detlef F and S{\ae}len, H{\aa}kon and Underdal, Arild},
  journal={British Journal of Political Science},
  pages={1071--1096},
	volume={49},
	number={3},
  year={2019},
  publisher={Cambridge University Press}
}

@article{mildenberger2017beliefs,
  title={{Beliefs about Climate Beliefs: The Importance of Second-Order Opinions for Climate Politics}},
  author={Mildenberger, Matto and Tingley, Dustin},
  journal={British Journal of Political Science},
  pages={1--29},
  year={2017},
  publisher={Cambridge University Press}
}

@article{bernauer2013national,
  title={{National Climate Policies in International Comparison: The Climate Change Cooperation Index}},
  author={Bernauer, Thomas and B{\"o}hmelt, Tobias},
  journal={Environmental Science \& Policy},
  volume={25},
  pages={196--206},
  year={2013},
  publisher={Elsevier}
}

@article{keohane2016paris,
  title={Paris: Beyond the climate dead end through pledge and review?},
  author={Keohane, Robert O and Oppenheimer, Michael},
  journal={Politics and Governance},
  volume={4},
  number={3},
  pages={142--151},
  year={2016}
}

@article{buntaine2018preferences,
  title={{Preferences for Domestic Action over International Transfers in Global Climate Policy}},
  author={Buntaine, Mark T and Prather, Lauren},
  journal={Journal of Experimental Political Science},
  volume={5},
  number={2},
  pages={73--87},
  year={2018},
  publisher={Cambridge University Press}
}

@article{gampfer2014obtaining,
  title={Obtaining public support for North-South climate funding: Evidence from conjoint experiments in donor countries},
  author={Gampfer, Robert and Bernauer, Thomas and Kachi, Aya},
  journal={Global Environmental Change},
  volume={29},
  pages={118--126},
  year={2014},
  publisher={Elsevier}
}

@article{bechtel2017interests,
  title={{Interests, Norms and Support for the Provision of Global Public Goods: The Case of Climate Co-Operation}},
  author={Bechtel, Michael M and Genovese, Federica and Scheve, Kenneth F},
  journal={British Journal of Political Science},
  pages={1--23},
  year={2017},
  publisher={Cambridge University Press}
}

@article{beiser2019commitment,
  title={{Commitment Failures are Unlikely to Undermine Public Support for the Paris Agreement}},
  author={Beiser-McGrath, Liam F and Bernauer, Thomas},
  journal={Nature Climate Change},
  volume={9},
  number={3},
  pages={248},
  year={2019},
  publisher={Nature Publishing Group}
}

@article{solt2016standardized,
  title={The standardized world income inequality database},
  author={Solt, Frederick},
  journal={Social science quarterly},
  volume={97},
  number={5},
  pages={1267--1281},
  year={2016},
  publisher={Wiley Online Library}
}

@article{muller2009differentiating,
  title={{Differentiating (Historic) Responsibilities for Climate Change}},
  author={M{\"u}ller, Benito and H{\"o}hne, Niklas and Ellermann, Christian},
  journal={Climate Policy},
  volume={9},
  number={6},
  pages={593--611},
  year={2009},
  publisher={Taylor \& Francis}
}

@book{wiarda2018concise,
  title={A concise introduction to Latin American politics and development},
  author={Wiarda, Howard J and Kline, Harvey F},
  year={2018},
  publisher={Routledge}
}

@article{tollefson2011green,
  title={How green is my future? UN panel foresees big growth in renewable energy, but policies will dictate just how big},
  author={Tollefson, Jeff},
  journal={Nature},
  volume={473},
  number={7346},
  pages={134--136},
  year={2011},
  publisher={Nature Publishing Group}
}

@book{soifer2015state,
  title={State Building in Latin America},
  author={Soifer, Hillel David},
  year={2015},
  publisher={Cambridge University Press}
}

@article{hanegraaff2015transnational,
  title={Transnational advocacy over time: business and NGO mobilization at UN climate summits},
  author={Hanegraaff, Marcel},
  journal={Global Environmental Politics},
  volume={15},
  number={1},
  pages={83--104},
  year={2015},
  publisher={MIT Press}
}

@article{acemoglu2008persistence,
  title={Persistence of power, elites, and institutions},
  author={Acemoglu, Daron and Robinson, James A},
  journal={American Economic Review},
  volume={98},
  number={1},
  pages={267--93},
  year={2008}
}

@book{eckstein2017global,
  title={{Global Climate Risk Index 2018}},
  author={Eckstein, David and K{\"u}nzel, Vera and Sch{\"a}fer, Laura},
  year={2017},
  publisher={Bonn: Germanwatch Nord-S{\"u}d Initiative eV}
}

@article{jordan2015emergence,
  title={{Emergence of Polycentric Climate Governance and Its Future Prospects}},
  author={Jordan, Andrew J and Huitema, Dave and Hild{\'e}n, Mikael and Van Asselt, Harro and Rayner, Tim J and Schoenefeld, Jonas J and Tosun, Jale and Forster, Johanna and Boasson, Elin L},
  journal={Nature Climate Change},
  volume={5},
  number={11},
  pages={977--982},
  year={2015},
  publisher={Nature Publishing Group}
}

@article{sovacool2013adaptation,
  title={{Adaptation: The Complexity of Climate Justice}},
  author={Sovacool, Benjamin K},
  journal={Nature Climate Change},
  volume={3},
  number={11},
  pages={959--960},
  year={2013},
  publisher={Nature Publishing Group}
}

@article{cole2015advantages,
  title={{Advantages of a Polycentric Approach to Climate Change Policy}},
  author={Cole, Daniel H},
  journal={Nature Climate Change},
  volume={5},
  number={2},
  pages={114--118},
  year={2015},
  publisher={Nature Publishing Group}
}

@article{wiener2007think,
  title={{Think Globally, Act Globally: The Limits of Local Climate Policies}},
  author={Wiener, Jonathan B},
  journal={University of Pennsylvania Law Review},
  volume={155},
  number={6},
  pages={1961--1979},
  year={2007},
  publisher={JSTOR}
}

@article{hardin1968tragedy,
  title={{The Tragedy of the Commons}},
  author={Hardin, Garrett},
  journal={Science},
  volume={162},
  number={3859},
  pages={1243--1248},
  year={1968},
  publisher={American Association for the Advancement of Science}
}


@article{sovacool2009scaling,
  title={{Scaling the Policy Response to Climate Change}},
  author={Sovacool, Benjamin K and Brown, Marilyn A},
  journal={Policy and Society},
  volume={27},
  number={4},
  pages={317--328},
  year={2009},
  publisher={Taylor \& Francis}
}

@article{stern2008economics,
  title={{The Economics of Climate Change}},
  author={Stern, Nicholas},
  journal={American Economic Review},
  volume={98},
  number={2},
  pages={1--37},
  year={2008}
}

@article{green2014balance,
  title={A balance of bottom-up and top-down in linking climate policies},
  author={Green, Jessica F and Sterner, Thomas and Wagner, Gernot},
  journal={Nature Climate Change},
  volume={4},
  number={12},
  pages={1064--1067},
  year={2014},
  publisher={Nature Publishing Group}
}

@article{ostrom2012nested,
  title={{Nested Externalities and Polycentric Institutions: Must We Wait for Global Solutions to Climate Change Before Taking Actions at Other Scales?}},
  author={Ostrom, Elinor},
  journal={Economic Theory},
  volume={49},
  number={2},
  pages={353--369},
  year={2012},
  publisher={Springer}
}

@article{ostrom2014polycentric,
  title={{A Polycentric Approach for Coping with Climate Change}},
  author={Ostrom, Elinor},
  journal={Annals of Economics \& Finance},
  volume={15},
  number={1},
  year={2014},
  pages={97--134}
}

@book{aligica2014institutional,
  title={Institutional Diversity and Political Economy: The Ostroms and Beyond},
  author={Aligica, Paul Dragos},
  year={2014},
  publisher={Oxford University Press}
}

@article{riedlinger2001contributions,
  title={Contributions of traditional knowledge to understanding climate change in the Canadian Arctic},
  author={Riedlinger, Dyanna and Berkes, Fikret},
  journal={Polar record},
  volume={37},
  number={203},
  pages={315--328},
  year={2001},
  publisher={Cambridge University Press}
}

@book{hoffmann2011climate,
  title={Climate governance at the crossroads: experimenting with a global response after Kyoto},
  author={Hoffmann, Matthew J},
  year={2011},
  publisher={Oxford University Press}
}

@article{lewandowsky2013pivotal,
  title={The pivotal role of perceived scientific consensus in acceptance of science},
  author={Lewandowsky, Stephan and Gignac, Gilles E and Vaughan, Samuel},
  journal={Nature Climate Change},
  volume={3},
  number={4},
  pages={399},
  year={2013},
  publisher={Nature Publishing Group}
}

@article{hornsey2016meta,
  title={{Meta-Analyses of the Determinants and Outcomes of Belief in Climate Changes}},
  author={Hornsey, Matthew J and Harris, Emily A and Bain, Paul G and Fielding, Kelly S},
  journal={Nature Climate Change},
  volume={6},
  number={6},
  pages={622},
  year={2016},
  publisher={Nature Publishing Group}
}

@misc{stanfordearth2018,
 author = {De Witte, Melissa},
 editor = {{Stanford Earth}},
 title = {{Public Support for Climate Policy Remains Strong}},
 howpublished = {\href{https://earth.stanford.edu/news/public-support-climate-policy-remains-strong}{\texttt{https://earth.stanford.edu/news/public-support-climate-policy-remains-strong}}. Access: May 2019},
 year = {2018},
}

@misc{pew2018climate,
 author = {Wike, Richard},
 editor = {{Pew Research Center}},
 title = {{What the World Thinks about Climate Change in 7 Charts}},
 howpublished = {\href{http://pewrsr.ch/1PdpUf4}{\texttt{http://pewrsr.ch/1PdpUf4}}. Access: May 2019},
 year = {2018},
}

@misc{europe2018survey,
 author = {{European Commission}},
 editor = {{European Commission}},
 title = {{Citizen Support for Climate Action}},
 howpublished = {\href{https://ec.europa.eu/clima/citizens/support_en}{\texttt{https://ec.europa.eu/clima/citizens/support\_en}}. Access: May 2019},
 year = {2018},
}

@misc{nature2018emissions,
 author = {Jeff Tollefson},
 editor = {{Nature News}},
 title = {Global industrial carbon emissions to reach all-time high in 2018},
 howpublished = {\href{https://www.nature.com/articles/d41586-018-07666-6}{\texttt{https://www.nature.com/articles/d41586-018-07666-6}}. Access: May 2019},
 year = {2018},
} 

@article{dasgupta2008discounting,
  title={{Discounting Climate Change}},
  author={Dasgupta, Partha},
  journal={Journal of Risk and Uncertainty},
  volume={37},
  number={2-3},
  pages={141--169},
  year={2008},
  publisher={Springer}
}

@article{nordhaus1997discounting,
  title={{Discounting in Economics and Climate Change: An Editorial Comment}},
  author={Nordhaus, William D},
  journal={Climatic Change},
  volume={37},
  number={2},
  pages={315--328},
  year={1997},
  publisher={Springer}
}

@article{nordhaus2015climate,
  title={{Climate Clubs: Overcoming Free-Riding in International Climate Policy}},
  author={Nordhaus, William},
  journal={American Economic Review},
  volume={105},
  number={4},
  pages={1339--70},
  year={2015}
}

@article{heitzig2011self,
  title={{Self-Enforcing Strategies to Deter Free-Riding in the Climate Change Mitigation Game and Other Repeated Public Good Games}},
  author={Heitzig, Jobst and Lessmann, Kai and Zou, Yong},
  journal={Proceedings of the National Academy of Sciences},
  volume={108},
  number={38},
  pages={15739--15744},
  year={2011},
  publisher={National Acad Sciences}
}

@article{barrett2003increasing,
  title={{Increasing Participation and Compliance in International Climate Change Agreements}},
  author={Barrett, Scott and Stavins, Robert},
  journal={International Environmental Agreements},
  volume={3},
  number={4},
  pages={349--376},
  year={2003},
  publisher={Springer}
}

@article{carlisle2017polycentric,
  title={{Polycentric Systems of Governance: A Theoretical Model for The Commons}},
  author={Carlisle, Keith and Gruby, Rebecca L},
  journal={Policy Studies Journal},
  year={2017},
  publisher={Wiley Online Library}
}

@article{hjerpe2015views,
  title={{Views on Alternative Forums for Effectively Tackling Climate Change}},
  author={Hjerpe, Mattias and Nasiritousi, Naghmeh},
  journal={Nature Climate Change},
  volume={5},
  number={9},
  pages={864},
  year={2015},
  publisher={Nature Publishing Group}
}

@article{rayner2010eat,
  title={{How to Eat an Elephant: A Bottom-Up Approach to Climate Policy}},
  author={Rayner, Steve},
  journal={Climate Policy},
  volume={10},
  number={6},
  pages={615--621},
  year={2010},
  publisher={Taylor \& Francis}
}

@article{de2014global,
  title={{Global Experimentalist Governance}},
  author={De B{\'u}rca, Gr{\'a}inne and Keohane, Robert O and Sabel, Charles},
  journal={British Journal of Political Science},
  volume={44},
  number={3},
  pages={477--486},
  year={2014},
  publisher={Cambridge University Press}
}

@article{de2012new,
  title={New modes of pluralist global governance},
  author={De Burca, Grainne and Keohane, Robert O and Sabel, Charles},
  journal={N.Y.U International Journal of Law and Politics},
  volume={45},
  pages={723},
  year={2012},
  publisher={HeinOnline}
}

@article{hainmueller2014causal,
  title={{Causal Inference in Conjoint Analysis: Understanding Multidimensional Choices via Stated Preference Experiments}},
  author={Hainmueller, Jens and Hopkins, Daniel J and Yamamoto, Teppei},
  journal={Political Analysis},
  volume={22},
  number={1},
  pages={1--30},
  year={2014},
  publisher={Cambridge University Press}
}

@article{bansak2016economic,
  title={{How Economic, Humanitarian, and Religious Concerns Shape European Attitudes toward Asylum Seekers}},
  author={Bansak, Kirk and Hainmueller, Jens and Hangartner, Dominik},
  journal={Science},
  volume={354},
  number={6309},
  pages={217--222},
  year={2016},
  publisher={American Association for the Advancement of Science}
}


@book{ostrom1990governing,
  title={Governing the Commons},
  author={Ostrom, Elinor},
  year={1990},
  publisher={New York: Cambridge University Press}
}

@article{aligica2013co,
  title={{Co-Production, Polycentricity, and Value Heterogeneity: The Ostroms' Public Choice Institutionalism Revisited}},
  author={Aligica, Paul Dragos and Tarko, Vlad},
  journal={American Political Science Review},
  volume={107},
  number={4},
  pages={726--741},
  year={2013},
  publisher={Cambridge University Press}
}

@article{yang2018post,
  title={{Post-Drought Decline of the Amazon Carbon Sink}},
  author={Yang, Yan and Saatchi, Sassan S and Xu, Liang and Yu, Yifan and Choi, Sungho and Phillips, Nathan and Kennedy, Robert and Keller, Michael and Knyazikhin, Yuri and Myneni, Ranga B},
  journal={Nature Communications},
  volume={9},
  number={1},
  pages={3172},
  year={2018},
  publisher={Nature Publishing Group}
}

@article{jones2003potential,
  title={{The potential impacts of climate change on maize production in Africa and Latin America in 2055}},
  author={Jones, Peter G and Thornton, Philip K},
  journal={Global Environmental Change},
  volume={13},
  number={1},
  pages={51--59},
  year={2003},
  publisher={Elsevier}
}

@book{helmke2006informal,
  title={Informal institutions and democracy: Lessons from Latin America},
  author={Helmke, Gretchen and Levitsky, Steven},
  year={2006},
  publisher={JHU Press}
}

@article{bechtel2013mass,
  title={{Mass Support for Global Climate Agreements Depends on Institutional Design}},
  author={Bechtel, Michael M and Scheve, Kenneth F},
  journal={Proceedings of the National Academy of Sciences},
  volume={110},
  number={34},
  pages={13763--13768},
  year={2013},
  publisher={National Acad Sciences}
}

@book{turnheim2018innovating,
  title={Innovating Climate Governance: Moving Beyond Experiments},
  author={Turnheim, Bruno and Kivimaa, Paula and Berkhout, Frans},
  year={2018},
  publisher={New York: Cambridge University Press}
}

@book{berkhout2003negotiating,
  title={{Negotiating Environmental Change: New Perspectives from Social Science}},
  author={Berkhout, Frans},
  year={2003},
  publisher={Edward Elgar Publishing}
}

@article{saiegh2015using,
  title={Using joint scaling methods to study ideology and representation: Evidence from Latin America},
  author={Saiegh, Sebasti{\'a}n M},
  journal={Political Analysis},
  volume={23},
  number={3},
  pages={363--384},
  year={2015},
  publisher={Cambridge University Press}
}

@article{ellner2019pinktide,
author = {Steve Ellner},
title ={{Pink-Tide Governments: Pragmatic and Populist Responses to Challenges from the Right}},
journal = {Latin American Perspectives},
volume = {46},
number = {1},
pages = {4-22},
year = {2019}
}

@article{weisbach2009climate,
  title={Climate Change and Discounting the Future: A Guide for the Perplexed},
  author={Weisbach, David and Sunstein, Cass R},
  journal={Yale Law \& Policy Review},
  volume={27},
  number={2},
  pages={433--457},
  year={2009},
  publisher={JSTOR}
}

@misc{leeper2018cregg,
  title = {{cregg: Simple Conjoint Analyses and Visualization}},
  author = {Thomas J. Leeper},
  year = {2018},
  note = {R package version 0.3.0},
  howpublished = {Available at \href{https://thomasleeper.com/cregg}{\texttt{https://thomasleeper.com/cregg}}. Access: May 2019}
}

@misc{rstats2019,
    title = {{R: A Language and Environment for Statistical Computing}},
    author = {{R Core Team}},
    organization = {R Foundation for Statistical Computing},
    address = {Vienna, Austria},
    year = {2018},
    howpublished = {\href{https://www.R-project.org}{\texttt{https://www.R-project.org}}. Access: May 2019},
  }

@misc{leeper2018subgroup,
	title = {{Measuring Subgroup Preferences in Conjoint Experiments}},
	author = {Leeper, Thomas J. and Hobolt, Sara B. and Tilley, James},
	journal = {Political Analysis},
	year = {2018},
	howpublished = {\href{https://bit.ly/2E5oKSq}{\texttt{https://bit.ly/2E5oKSq}}. Access: May 2019}
}

@article{arrow1950difficulty,
  title={{A Difficulty in the Concept of Social Welfare}},
  author={Arrow, Kenneth J},
  journal={Journal of Political Economy},
  volume={58},
  number={4},
  pages={328--346},
  year={1950},
}

@article{benitez2006site,
  title={{Site Identification for Carbon Sequestration in Latin America: A Grid-Based Economic Approach}},
  author={Ben{\'\i}tez, Pablo C and Obersteiner, Michael},
  journal={Forest Policy and Economics},
  volume={8},
  number={6},
  pages={636--651},
  year={2006},
  publisher={Elsevier}
}

@article{lyall2019speculative,
  title={{The Speculative Petro-State: Volatile Oil Prices and Resource Populism in Ecuador}},
  author={Lyall, Angus and Valdivia, Gabriela},
  journal={Annals of the American Association of Geographers},
  pages={1--12},
  year={2019},
  publisher={Taylor \& Francis}
}

@article{sagarzazu2019foreign,
  title={{The Foreign Policy Rhetoric of Populism: Ch{\'a}vez, Oil, and Anti-imperialism}},
  author={Sagarzazu, I{\~n}aki and Thies, Cameron G},
  journal={Political Research Quarterly},
  volume={72},
  number={1},
  pages={205--214},
  year={2019},
  publisher={SAGE Publications Sage CA: Los Angeles, CA}
}

@article{aklin2014blames,
  title={{Who Blames Corruption for the Poor Enforcement of Environmental Laws? Survey Evidence from Brazil}},
  author={Aklin, Micha{\"e}l and Bayer, Patrick and Harish, SP and Urpelainen, Johannes},
  journal={Environmental Economics and Policy Studies},
  volume={16},
  number={3},
  pages={241--262},
  year={2014},
  publisher={Springer}
}

@article{aklin2013understanding,
  title={{Understanding Environmental Policy Preferences: New Evidence from Brazil}},
  author={Aklin, Micha{\"e}l and Bayer, Patrick and Harish, SP and Urpelainen, Johannes},
  journal={Ecological Economics},
  volume={94},
  pages={28--36},
  year={2013},
  publisher={Elsevier}
}

@article{keohane2011regime,
  title={{The Regime Complex for Climate Change}},
  author={Keohane, Robert O and Victor, David G},
  journal={Perspectives on politics},
  volume={9},
  number={1},
  pages={7--23},
  year={2011},
  publisher={Cambridge University Press}
}

@article{von2008international,
  title={{The International Law and Politics of Climate Change: Ratification of the United Nations Framework Convention and the Kyoto Protocol}},
  author={Von Stein, Jana},
  journal={Journal of Conflict Resolution},
  volume={52},
  number={2},
  pages={243--268},
  year={2008},
  publisher={Sage Publications Sage CA: Los Angeles, CA}
}

@article{beccherle2011regional,
  title={Regional Initiatives and the Cost of Delaying Binding Climate Change Agreements},
  author={Beccherle, Julien and Tirole, Jean},
  journal={Journal of Public Economics},
  volume={95},
  number={11-12},
  pages={1339--1348},
  year={2011},
  publisher={Elsevier}
}

@article{brauninger2000making,
  title={{Making Rules for Governing Global Commons: The Case of Deep-Sea Mining}},
  author={Br{\"a}uninger, Thomas and K{\"o}nig, Thomas},
  journal={Journal of Conflict Resolution},
  volume={44},
  number={5},
  pages={604--629},
  year={2000},
  publisher={Sage Publications, Inc. 2455 Teller Road, Thousand Oaks, CA 91320}
}

@article{dubash2013developments,
  title={{Developments in National Climate Change Mitigation Legislation and Strategy}},
  author={Dubash, Navroz K and Hagemann, Markus and H{\"o}hne, Niklas and Upadhyaya, Prabhat},
  journal={Climate Policy},
  volume={13},
  number={6},
  pages={649--664},
  year={2013},
  publisher={Taylor \& Francis}
}

@article{massey2014climate,
  title={{Climate Policy Innovation: The Adoption and Diffusion of Adaptation Policies across Europe}},
  author={Massey, Eric and Biesbroek, Robbert and Huitema, Dave and Jordan, Andy},
  journal={Global Environmental Change},
  volume={29},
  pages={434--443},
  year={2014},
  publisher={Elsevier}
}

@article{huntjens2012institutional,
  title={{Institutional Design Propositions for the Governance of Adaptation to Climate Change in the Water Sector}},
  author={Huntjens, Patrick and Lebel, Louis and Pahl-Wostl, Claudia and Camkin, Jeff and Schulze, Roland and Kranz, Nicole},
  journal={Global Environmental Change},
  volume={22},
  number={1},
  pages={67--81},
  year={2012},
  publisher={Elsevier}
}

@article{barrett2008climate,
  title={{Climate Treaties and the Imperative of Enforcement}},
  author={Barrett, Scott},
  journal={Oxford Review of Economic Policy},
  volume={24},
  number={2},
  pages={239--258},
  year={2008},
  publisher={Oxford University Press}
}

@article{marcoux2009institutional,
  title={{Institutional Flexibility in the Design of Multilateral Environmental Agreements}},
  author={Marcoux, Christopher},
  journal={Conflict Management and Peace Science},
  volume={26},
  number={2},
  pages={209--228},
  year={2009},
  publisher={SAGE Publications Sage UK: London, England}
}

@article{copelovitch2014design,
  title={{Design in Context: Existing International Agreements and New Cooperation}},
  author={Copelovitch, Mark S and Putnam, Tonya L},
  journal={International Organization},
  volume={68},
  number={2},
  pages={471--493},
  year={2014},
  publisher={Cambridge University Press}
}

@article{bodin2017collaborative,
  title={{Collaborative Environmental Governance: Achieving Collective Action in Social-Ecological Systems}},
  author={Bodin, {\"O}rjan},
  journal={Science},
  volume={357},
  number={6352},
  pages={11--14},
  year={2017},
  publisher={American Association for the Advancement of Science}
}

@article{abbott2000hard,
  title={{Hard and Soft Law in International Governance}},
  author={Abbott, Kenneth W and Snidal, Duncan},
  journal={International Organization},
  volume={54},
  number={3},
  pages={421--456},
  year={2000},
  publisher={Cambridge University Press}
}

@article{rosendorff2001optimal,
  title={{The Optimal Design of International Trade Institutions: Uncertainty and Escape}},
  author={Rosendorff, B Peter and Milner, Helen V},
  journal={International Organization},
  volume={55},
  number={4},
  pages={829--857},
  year={2001},
  publisher={Cambridge University Press}
}

@article{luna2005political,
  title={{Political Representation in Latin America: A Study of Elite-Mass Congruence in Nine Countries}},
  author={Luna, Juan P and Zechmeister, Elizabeth J},
  journal={Comparative Political Studies},
  volume={38},
  number={4},
  pages={388--416},
  year={2005},
  publisher={Sage Publications Sage CA: Thousand Oaks, CA}
}

@article{albertson2015hearts,
  title={Hearts or Minds? Identifying Persuasive Messages on Climate Change},
  author={Albertson, Bethany and Busby, Joshua William},
  journal={Research \& Politics},
  volume={2},
  number={1},
  pages={2053168015577712},
  year={2015},
  publisher={SAGE Publications Sage UK: London, England}
}

@article{abbott2012transnational,
  title={{The Transnational Regime Complex for Climate Change}},
  author={Abbott, Kenneth W},
  journal={Environment and Planning C: Government and Policy},
  volume={30},
  number={4},
  pages={571--590},
  year={2012},
  publisher={SAGE Publications Sage UK: London, England}
}

@article{colgan2012punctuated,
  title={{Punctuated Equilibrium in the Energy Regime Complex}},
  author={Colgan, Jeff D and Keohane, Robert O and Van de Graaf, Thijs},
  journal={The Review of International Organizations},
  volume={7},
  number={2},
  pages={117--143},
  year={2012},
  publisher={Springer}
}

@article{raustiala2004regime,
  title={{The Regime Complex for Plant Genetic Resources}},
  author={Raustiala, Kal and Victor, David G},
  journal={International Organization},
  volume={58},
  number={2},
  pages={277--309},
  year={2004},
  publisher={Cambridge University Press}
}
@article{loewen2010help,
  title={{Help Me Help You: Conducting Field Experiments with Political Elites}},
  author={Loewen, Peter John and Rubenson, Daniel and Wantchekon, Leonard},
  journal={The Annals of the American Academy of Political and Social Science},
  volume={628},
  number={1},
  pages={165--175},
  year={2010},
  publisher={Sage Publications Sage CA: Los Angeles, CA}
}

@article{karapin2012explaining,
  title={{Explaining Success and Failure in Climate Policies: Developing Theory through German Case Studies}},
  author={Karapin, Roger},
  journal={Comparative Politics},
  volume={45},
  number={1},
  pages={46--68},
  year={2012},
  publisher={City University of New York}
}

@book{jahn2016politics,
  title={The Politics of Environmental Performance},
  author={Jahn, Detlef},
  year={2016},
  publisher={Cambridge: Cambridge University Press}
}

@article{anderegg2010expert,
  title={{Expert Credibility in Climate Change}},
  author={Anderegg, William RL and Prall, James W and Harold, Jacob and Schneider, Stephen H},
  journal={Proceedings of the National Academy of Sciences},
  volume={107},
  number={27},
  pages={12107--12109},
  year={2010},
  publisher={National Acad Sciences}
}

@article{victor2017prove,
  title={{Prove Paris Was More than Paper Promises}},
  author={Victor, David G and Akimoto, Keigo and Kaya, Yoichi and Yamaguchi, Mitsutsune and Cullenward, Danny and Hepburn, Cameron},
  journal={Nature News},
  volume={548},
  number={7665},
  pages={25},
  year={2017}
}

@article{rosen2015wrong,
  title={{The Wrong Solution at the Right Time: The Failure of the Kyoto Protocol on Climate Change}},
  author={Rosen, Amanda M},
  journal={Politics \& Policy},
  volume={43},
  number={1},
  pages={30--58},
  year={2015},
  publisher={Wiley Online Library}
}

@article{rogelj2010copenhagen,
  title={{Copenhagen Accord Pledges Are Paltry}},
  author={Rogelj, Joeri and Nabel, Julia and Chen, Claudine and Hare, William and Markmann, Kathleen and Meinshausen, Malte and Schaeffer, Michiel and Macey, Kirsten and H{\"o}hne, Niklas},
  journal={Nature},
  volume={464},
  number={7292},
  pages={1126},
  year={2010},
  publisher={Nature Publishing Group}
}

@article{winning2019nationally,
  title={{Nationally Determined Contributions under the Paris Agreement and the Costs of Delayed Action}},
  author={Winning, Matthew and Price, James and Ekins, Paul and Pye, Steve and Glynn, James and Watson, Jim and McGlade, Christophe},
  journal={Climate Policy},
  pages={1--12},
  year={2019},
  publisher={Taylor \& Francis}
}

@article{ayling2017non,
  title={{Non-state Governance and Climate Policy: The Fossil Fuel Divestment Movement}},
  author={Ayling, Julie and Gunningham, Neil},
  journal={Climate Policy},
  volume={17},
  number={2},
  pages={131--149},
  year={2017},
  publisher={Taylor \& Francis}
}

@article{andonova2009transnational,
  title={{Transnational Climate Governance}},
  author={Andonova, Liliana B and Betsill, Michele M and Bulkeley, Harriet},
  journal={Global environmental politics},
  volume={9},
  number={2},
  pages={52--73},
  year={2009},
  publisher={MIT Press}
}

@book{bulkeley2014transnational,
  title={{Transnational Climate Change Governance}},
  author={Bulkeley, Harriet and Andonova, Liliana B and Betsill, Michele M and Compagnon, Daniel and Hale, Thomas and Hoffmann, Matthew J and Newell, Peter and Paterson, Matthew and VanDeveer, Stacy D and Roger, Charles},
  year={2014},
  publisher={Cambridge University Press}
}

@article{rochedo2018threat,
  title={{The Threat of Political Bargaining to Climate Mitigation in Brazil}},
  author={Rochedo, Pedro RR and Soares-Filho, Britaldo and Schaeffer, Roberto and Viola, Eduardo and Szklo, Alexandre and Lucena, Andr{\'e} FP and Koberle, Alexandre and Davis, Juliana Leroy and Raj{\~a}o, Raoni and Rathmann, Regis},
  journal={Nature Climate Change},
  volume={8},
  number={8},
  pages={695},
  year={2018},
  publisher={Nature Publishing Group}
}

@article{da2018bancada,
  title={{A Bancada Ruralista e a Pol{\'\i}tica P{\'u}blica Ambiental Brasileira}},
  author={Lucchese, Giovani da Silva and Felipe Esteves Olivetski and Vicenci Fernandes and Sandra Beatriz},
  journal={Observatorio de la Econom{\'\i}a Latinoamericana},
  year={2018},
  number={1},
  pages={1--12}
}

@article{simionatto2012dominantes,
  title={{Como os Dominantes Dominam: O Caso da Bancada Ruralista}},
  author={Simionatto, Ivete and Costa, Carolina Rodrigues},
  journal={Temporalis},
  volume={12},
  number={24},
  pages={215--237},
  year={2012}
}

@misc{busch2015developing,
 author = {Jonah Busch},
 editor = {{Center for Global Development}},
 title = {{Climate Change and Development in Three Charts}},
 howpublished = {\href{https://www.cgdev.org/blog/climate-change-and-development-three-charts}{\texttt{https://www.cgdev.org/blog/climate-change-and-development-three-charts}}. Access: July 2019},
 year = {2015},
}

@article{parthan2010lessons,
  title={{Lessons for Low-Carbon Energy Transition: Experience from the Renewable Energy and Energy Efficiency Partnership (REEEP)}},
  author={Parthan, Binu and Osterkorn, Marianne and Kennedy, Matthew and Bazilian, Morgan and Monga, Pradeep},
  journal={Energy for Sustainable Development},
  volume={14},
  number={2},
  pages={83--93},
  year={2010},
  publisher={Elsevier}
}

@article{mitchell2006problem,
  title={{Problem Structure, Institutional Design, and the Relative Effectiveness of International Environmental Agreements}},
  author={Mitchell, Ronald B},
  journal={Global Environmental Politics},
  volume={6},
  number={3},
  pages={72--89},
  year={2006},
  publisher={MIT Press}
}

@article{claessens2007finance,
  title={{Finance and Inequality: Channels and Evidence}},
  author={Claessens, Stijn and Perotti, Enrico},
  journal={Journal of comparative Economics},
  volume={35},
  number={4},
  pages={748--773},
  year={2007},
  publisher={Elsevier}
}

@article{faccio2006political,
  title={{Political Connections and Corporate Bailouts}},
  author={Faccio, Mara and Masulis, Ronald W and McConnell, John J},
  journal={The Journal of Finance},
  volume={61},
  number={6},
  pages={2597--2635},
  year={2006},
  publisher={Wiley Online Library}
}

@article{igan2014wall,
  title={{Wall Street, Capitol Hill, and K Street: Political Influence and Financial Regulation}},
  author={Igan, Deniz and Mishra, Prachi},
  journal={The Journal of Law and Economics},
  volume={57},
  number={4},
  pages={1063--1084},
  year={2014},
  publisher={University of Chicago Press Chicago, IL}
}

@article{pagliari2014leveraged,
  title={{Leveraged Interests: Financial Industry Power and the Role of Private Sector Coalitions}},
  author={Pagliari, Stefano and Young, Kevin L},
  journal={Review of International Political Economy},
  volume={21},
  number={3},
  pages={575--610},
  year={2014},
  publisher={Taylor \& Francis}
}

@article{chalmers2017banks,
  title={{When Banks Lobby: The Effects of Organizational Characteristics and Banking Regulations on International Bank Lobbying}},
  author={Chalmers, Adam William},
  journal={Business and Politics},
  volume={19},
  number={1},
  pages={107--134},
  year={2017},
  publisher={Cambridge University Press}
}

