%%% References

@misc{strezhnev2013conjoint,
  title={{Conjoint Survey Design Tool: Software Manual}},
  author={Strezhnev, Anton and Hainmueller, Jens and Hopkins, Daniel J and Yamamoto, Teppei},
  year={2013}
}

@unpublished{grillos2019deliberative,
  title={Deliberative Decision-Making and the Public Good: A Behavioral Lab Experiment in Kenya},
  author={Grillos, Tara},
  year={2019},
  url={http://dlc.dlib.indiana.edu/dlc/handle/10535/10523}
}

@article{aga2018project,
  title={Project beneficiary participation and behavioural intentions promoting project sustainability: The mediating role of psychological ownership},
  author={Aga, Deribe Assefa and Noorderhaven, Niels and Vallejo, B},
  journal={Development Policy Review},
  volume={36},
  number={5},
  pages={527--546},
  year={2018},
  publisher={Wiley Online Library}
}

@article{jordan2015emergence,
  title={{Emergence of Polycentric Climate Governance and Its Future Prospects}},
  author={Jordan, Andrew J and Huitema, Dave and Hild{\'e}n, Mikael and Van Asselt, Harro and Rayner, Tim J and Schoenefeld, Jonas J and Tosun, Jale and Forster, Johanna and Boasson, Elin L},
  journal={Nature Climate Change},
  volume={5},
  number={11},
  pages={977--982},
  year={2015},
  publisher={Nature Publishing Group}
}

@article{sovacool2013adaptation,
  title={{Adaptation: The Complexity of Climate Justice}},
  author={Sovacool, Benjamin K},
  journal={Nature Climate Change},
  volume={3},
  number={11},
  pages={959--960},
  year={2013},
  publisher={Nature Publishing Group}
}

@article{cole2015advantages,
  title={{Advantages of a Polycentric Approach to Climate Change Policy}},
  author={Cole, Daniel H},
  journal={Nature Climate Change},
  volume={5},
  number={2},
  pages={114--118},
  year={2015},
  publisher={Nature Publishing Group}
}

@article{wiener2007think,
  title={{Think Globally, Act Globally: The Limits of Local Climate Policies}},
  author={Wiener, Jonathan B},
  journal={University of Pennsylvania Law Review},
  volume={155},
  number={6},
  pages={1961--1979},
  year={2007},
  publisher={JSTOR}
}

@article{hardin1968tragedy,
  title={{The Tragedy of the Commons}},
  author={Hardin, Garrett},
  journal={Science},
  volume={162},
  number={3859},
  pages={1243--1248},
  year={1968},
  publisher={American Association for the Advancement of Science}
}


@article{sovacool2009scaling,
  title={{Scaling the Policy Response to Climate Change}},
  author={Sovacool, Benjamin K and Brown, Marilyn A},
  journal={Policy and Society},
  volume={27},
  number={4},
  pages={317--328},
  year={2009},
  publisher={Taylor \& Francis}
}

@article{stern2008economics,
  title={{The Economics of Climate Change}},
  author={Stern, Nicholas},
  journal={American Economic Review},
  volume={98},
  number={2},
  pages={1--37},
  year={2008}
}

@article{green2014balance,
  title={A balance of bottom-up and top-down in linking climate policies},
  author={Green, Jessica F and Sterner, Thomas and Wagner, Gernot},
  journal={Nature Climate Change},
  volume={4},
  number={12},
  pages={1064--1067},
  year={2014},
  publisher={Nature Publishing Group}
}

@article{ostrom2012nested,
  title={{Nested Externalities and Polycentric Institutions: Must We Wait for Global Solutions to Climate Change Before Taking Actions at Other Scales?}},
  author={Ostrom, Elinor},
  journal={Economic Theory},
  volume={49},
  number={2},
  pages={353--369},
  year={2012},
  publisher={Springer}
}

@article{ostrom2014polycentric,
  title={{A Polycentric Approach for Coping with Climate Change}},
  author={Ostrom, Elinor},
  journal={Annals of Economics \& Finance},
  volume={15},
  number={1},
  year={2014},
  pages={97--134}
}

@book{aligica2014institutional,
  title={Institutional Diversity and Political Economy: The Ostroms and Beyond},
  author={Aligica, Paul Dragos},
  year={2014},
  publisher={Oxford University Press}
}

@article{riedlinger2001contributions,
  title={Contributions of traditional knowledge to understanding climate change in the Canadian Arctic},
  author={Riedlinger, Dyanna and Berkes, Fikret},
  journal={Polar record},
  volume={37},
  number={203},
  pages={315--328},
  year={2001},
  publisher={Cambridge University Press}
}

@book{hoffmann2011climate,
  title={Climate governance at the crossroads: experimenting with a global response after Kyoto},
  author={Hoffmann, Matthew J},
  year={2011},
  publisher={Oxford University Press}
}

@article{lewandowsky2013pivotal,
  title={The pivotal role of perceived scientific consensus in acceptance of science},
  author={Lewandowsky, Stephan and Gignac, Gilles E and Vaughan, Samuel},
  journal={Nature Climate Change},
  volume={3},
  number={4},
  pages={399},
  year={2013},
  publisher={Nature Publishing Group}
}

@article{hornsey2016meta,
  title={{Meta-Analyses of the Determinants and Outcomes of Belief in Climate Changes}},
  author={Hornsey, Matthew J and Harris, Emily A and Bain, Paul G and Fielding, Kelly S},
  journal={Nature Climate Change},
  volume={6},
  number={6},
  pages={622},
  year={2016},
  publisher={Nature Publishing Group}
}

@misc{stanfordearth2018,
 author = {De Witte, Melissa},
 editor = {{Stanford Earth}},
 title = {{Public Support for Climate Policy Remains Strong}},
 howpublished = {\href{https://earth.stanford.edu/news/public-support-climate-policy-remains-strong}{\texttt{https://earth.stanford.edu/news/public-support-climate-policy-remains-strong}}. Access: May 2019},
 year = {2018},
}

@misc{pew2018climate,
 author = {Wike, Richard},
 editor = {{Pew Research Center}},
 title = {{What the World Thinks about Climate Change in 7 Charts}},
 howpublished = {\href{http://pewrsr.ch/1PdpUf4}{\texttt{http://pewrsr.ch/1PdpUf4}}. Access: May 2019},
 year = {2018},
}

@misc{europe2018survey,
 author = {{European Commission}},
 editor = {{European Commission}},
 title = {{Citizen Support for Climate Action}},
 howpublished = {\href{https://ec.europa.eu/clima/citizens/support_en}{\texttt{https://ec.europa.eu/clima/citizens/support\_en}}. Access: May 2019},
 year = {2018},
}

@misc{nature2018emissions,
 author = {Jeff Tollefson},
 editor = {{Nature News}},
 title = {Global industrial carbon emissions to reach all-time high in 2018},
 howpublished = {\href{https://www.nature.com/articles/d41586-018-07666-6}{\texttt{https://www.nature.com/articles/d41586-018-07666-6}}. Access: May 2019},
 year = {2018},
} 

@article{dasgupta2008discounting,
  title={{Discounting Climate Change}},
  author={Dasgupta, Partha},
  journal={Journal of Risk and Uncertainty},
  volume={37},
  number={2-3},
  pages={141--169},
  year={2008},
  publisher={Springer}
}

@article{nordhaus1997discounting,
  title={{Discounting in Economics and Climate Change: An Editorial Comment}},
  author={Nordhaus, William D},
  journal={Climatic Change},
  volume={37},
  number={2},
  pages={315--328},
  year={1997},
  publisher={Springer}
}

@article{nordhaus2015climate,
  title={{Climate Clubs: Overcoming Free-Riding in International Climate Policy}},
  author={Nordhaus, William},
  journal={American Economic Review},
  volume={105},
  number={4},
  pages={1339--70},
  year={2015}
}

@article{heitzig2011self,
  title={{Self-Enforcing Strategies to Deter Free-Riding in the Climate Change Mitigation Game and Other Repeated Public Good Games}},
  author={Heitzig, Jobst and Lessmann, Kai and Zou, Yong},
  journal={Proceedings of the National Academy of Sciences},
  volume={108},
  number={38},
  pages={15739--15744},
  year={2011},
  publisher={National Acad Sciences}
}

@article{barrett2003increasing,
  title={{Increasing Participation and Compliance in International Climate Change Agreements}},
  author={Barrett, Scott and Stavins, Robert},
  journal={International Environmental Agreements},
  volume={3},
  number={4},
  pages={349--376},
  year={2003},
  publisher={Springer}
}

@article{carlisle2017polycentric,
  title={{Polycentric Systems of Governance: A Theoretical Model for The Commons}},
  author={Carlisle, Keith and Gruby, Rebecca L},
  journal={Policy Studies Journal},
  year={2017},
  publisher={Wiley Online Library}
}

@article{hjerpe2015views,
  title={{Views on Alternative Forums for Effectively Tackling Climate Change}},
  author={Hjerpe, Mattias and Nasiritousi, Naghmeh},
  journal={Nature Climate Change},
  volume={5},
  number={9},
  pages={864},
  year={2015},
  publisher={Nature Publishing Group}
}

@article{rayner2010eat,
  title={{How to Eat an Elephant: A Bottom-Up Approach to Climate Policy}},
  author={Rayner, Steve},
  journal={Climate Policy},
  volume={10},
  number={6},
  pages={615--621},
  year={2010},
  publisher={Taylor \& Francis}
}

@article{de2014global,
  title={{Global Experimentalist Governance}},
  author={De B{\'u}rca, Gr{\'a}inne and Keohane, Robert O and Sabel, Charles},
  journal={British Journal of Political Science},
  volume={44},
  number={3},
  pages={477--486},
  year={2014},
  publisher={Cambridge University Press}
}

@article{de2012new,
  title={New modes of pluralist global governance},
  author={De Burca, Grainne and Keohane, Robert O and Sabel, Charles},
  journal={N.Y.U International Journal of Law and Politics},
  volume={45},
  pages={723},
  year={2012},
  publisher={HeinOnline}
}

@article{hainmueller2014causal,
  title={{Causal Inference in Conjoint Analysis: Understanding Multidimensional Choices via Stated Preference Experiments}},
  author={Hainmueller, Jens and Hopkins, Daniel J and Yamamoto, Teppei},
  journal={Political Analysis},
  volume={22},
  number={1},
  pages={1--30},
  year={2014},
  publisher={Cambridge University Press}
}

@article{bansak2016economic,
  title={{How Economic, Humanitarian, and Religious Concerns Shape European Attitudes toward Asylum Seekers}},
  author={Bansak, Kirk and Hainmueller, Jens and Hangartner, Dominik},
  journal={Science},
  volume={354},
  number={6309},
  pages={217--222},
  year={2016},
  publisher={American Association for the Advancement of Science}
}


@book{ostrom1990governing,
  title={Governing the Commons},
  author={Ostrom, Elinor},
  year={1990},
  publisher={New York: Cambridge University Press}
}

@article{aligica2013co,
  title={{Co-Production, Polycentricity, and Value Heterogeneity: The Ostroms' Public Choice Institutionalism Revisited}},
  author={Aligica, Paul Dragos and Tarko, Vlad},
  journal={American Political Science Review},
  volume={107},
  number={4},
  pages={726--741},
  year={2013},
  publisher={Cambridge University Press}
}

@article{yang2018post,
  title={{Post-Drought Decline of the Amazon Carbon Sink}},
  author={Yang, Yan and Saatchi, Sassan S and Xu, Liang and Yu, Yifan and Choi, Sungho and Phillips, Nathan and Kennedy, Robert and Keller, Michael and Knyazikhin, Yuri and Myneni, Ranga B},
  journal={Nature Communications},
  volume={9},
  number={1},
  pages={3172},
  year={2018},
  publisher={Nature Publishing Group}
}

@article{jones2003potential,
  title={{The potential impacts of climate change on maize production in Africa and Latin America in 2055}},
  author={Jones, Peter G and Thornton, Philip K},
  journal={Global Environmental Change},
  volume={13},
  number={1},
  pages={51--59},
  year={2003},
  publisher={Elsevier}
}

@book{helmke2006informal,
  title={Informal institutions and democracy: Lessons from Latin America},
  author={Helmke, Gretchen and Levitsky, Steven},
  year={2006},
  publisher={JHU Press}
}

@article{bechtel2013mass,
  title={{Mass Support for Global Climate Agreements Depends on Institutional Design}},
  author={Bechtel, Michael M and Scheve, Kenneth F},
  journal={Proceedings of the National Academy of Sciences},
  volume={110},
  number={34},
  pages={13763--13768},
  year={2013},
  publisher={National Acad Sciences}
}

@book{turnheim2018innovating,
  title={Innovating Climate Governance: Moving Beyond Experiments},
  author={Turnheim, Bruno and Kivimaa, Paula and Berkhout, Frans},
  year={2018},
  publisher={New York: Cambridge University Press}
}

@book{berkhout2003negotiating,
  title={{Negotiating Environmental Change: New Perspectives from Social Science}},
  author={Berkhout, Frans},
  year={2003},
  publisher={Edward Elgar Publishing}
}

@article{saiegh2015using,
  title={Using joint scaling methods to study ideology and representation: Evidence from Latin America},
  author={Saiegh, Sebasti{\'a}n M},
  journal={Political Analysis},
  volume={23},
  number={3},
  pages={363--384},
  year={2015},
  publisher={Cambridge University Press}
}

@article{ellner2019pinktide,
author = {Steve Ellner},
title ={{Pink-Tide Governments: Pragmatic and Populist Responses to Challenges from the Right}},
journal = {Latin American Perspectives},
volume = {46},
number = {1},
pages = {4-22},
year = {2019}
}

@article{weisbach2009climate,
  title={Climate Change and Discounting the Future: A Guide for the Perplexed},
  author={Weisbach, David and Sunstein, Cass R},
  journal={Yale Law \& Policy Review},
  volume={27},
  number={2},
  pages={433--457},
  year={2009},
  publisher={JSTOR}
}

@misc{leeper2018cregg,
  title = {{cregg: Simple Conjoint Analyses and Visualization}},
  author = {Thomas J. Leeper},
  year = {2018},
  note = {R package version 0.3.0},
  howpublished = {Available at \href{https://thomasleeper.com/cregg}{\texttt{https://thomasleeper.com/cregg}}. Access: May 2019}
}

@misc{rstats2019,
    title = {{R: A Language and Environment for Statistical Computing}},
    author = {{R Core Team}},
    organization = {R Foundation for Statistical Computing},
    address = {Vienna, Austria},
    year = {2018},
    howpublished = {\href{https://www.R-project.org}{\texttt{https://www.R-project.org}}. Access: May 2019},
  }

@misc{leeper2018subgroup,
	title = {{Measuring Subgroup Preferences in Conjoint Experiments}},
	author = {Leeper, Thomas J. and Hobolt, Sara B. and Tilley, James},
	journal = {Political Analysis},
	year = {2018},
	howpublished = {\href{https://bit.ly/2E5oKSq}{\texttt{https://bit.ly/2E5oKSq}}. Access: May 2019}
}

@article{arrow1950difficulty,
  title={{A Difficulty in the Concept of Social Welfare}},
  author={Arrow, Kenneth J},
  journal={Journal of Political Economy},
  volume={58},
  number={4},
  pages={328--346},
  year={1950},
}

@article{benitez2006site,
  title={{Site Identification for Carbon Sequestration in Latin America: A Grid-Based Economic Approach}},
  author={Ben{\'\i}tez, Pablo C and Obersteiner, Michael},
  journal={Forest Policy and Economics},
  volume={8},
  number={6},
  pages={636--651},
  year={2006},
  publisher={Elsevier}
}

@article{lyall2019speculative,
  title={{The Speculative Petro-State: Volatile Oil Prices and Resource Populism in Ecuador}},
  author={Lyall, Angus and Valdivia, Gabriela},
  journal={Annals of the American Association of Geographers},
  pages={1--12},
  year={2019},
  publisher={Taylor \& Francis}
}

@article{sagarzazu2019foreign,
  title={{The Foreign Policy Rhetoric of Populism: Ch{\'a}vez, Oil, and Anti-imperialism}},
  author={Sagarzazu, I{\~n}aki and Thies, Cameron G},
  journal={Political Research Quarterly},
  volume={72},
  number={1},
  pages={205--214},
  year={2019},
  publisher={SAGE Publications Sage CA: Los Angeles, CA}
}
